3490 5234
295 324 412 388 XXVI

890 515 946 580 IV.

341 640 412 704 Oro
435 662 471 702 su
497 638 737 703 Zlatarevieeva
760 639 922 702 kilibevna
945 636 1029 723 djela
1052 647 1099 700 sto
1123 660 1159 701 su
1182 637 1223 702 do
1246 660 1303 703 nas
1326 637 1432 703 dosia:

339 742 372 824 a)
405 768 423 807 u
457 745 625 828 rukopisu:
662 742 805 826 Laboris,
840 741 984 828 prijevod
1015 742 1158 806 Tassova
1188 743 1319 806 Aminte
1335 765 1368 806 -u
1400 743 1541 828 starijem

295 847 416 930 obliku‚
440 847 519 930 (bilo
530 851 565 932 je
581 857 757 933 stampana
782 847 822 912 ali
847 870 886 912 ne
910 869 1014 923 znam,
1039 848 1104 912 ima
1121 847 1142 910 li
1159 847 1245 931 igdje
1260 848 1313 931 jos
1328 845 1397 932 koji
1419 845 1543 912 eksem-

297 951 367 1037 plar
389 975 449 1017 ove
472 952 594 1036 luinge),
619 953 628 1015 i
652 950 765 1032 Pjesai
786 949 908 1014 raalilta
931 949 1045 1034 (svega
1070 949 1156 1032 137).

339 1055 375 1138 b)
405 1065 589 1143 stampaua:
626 1055 774 1140 Prijevod
809 1053 938 1118 Elektra
973 1051 1148 1136 Safoltlova
1185 1053 1320 1136 latbmir
1350 1079 1370 1119 u
1403 1053 1541 1120 mladem

296 1159 415 1236 oblilru
444 1159 577 1224 Pirama
599 1161 613 1222 i
639 1157 740 1234 Tarba,
764 1159 917 1224 slobodan
941 1159 1086 1244 prijevod
1108 1159 1137 1222 iz
1162 1159 1346 1245 Ovidijevih
1370 1160 1541 1224 Metamor-

296 1265 377 1344 foza
401 1263 514 1346 Pjesai
535 1282 558 1326 a
581 1268 659 1327 smrt
681 1261 854 1344 ranlieijeb.
1181 1266 1190 1279 ‘

339 1371 384 1434 Po
406 1367 644 1454 Dordioevijem
668 1367 844 1454 rijeeima⁶⁵
867 1369 930 1433 kao
960 1368 1002 1432 da
1027 1371 1062 1454 je
1093 1367 1156 1433 bilo
1174 1369 1227 1454 jos
1251 1391 1368 1453 mnogo
1392 1379 1476 1454 toga,
1500 1367 1543 1432 ali

297 1473 337 1538 da
360 1495 393 1538 se
417 1471 516 1538 ostalo
539 1473 689 1563 izgubilo.

340 1577 479 1661 Grijevie
502 1578 608 1642 ovako
632 1577 766 1664 nabraja
790 1577 875 1663 djela
899 1600 937 1640 za
959 1577 1037 1662 koja
1059 1577 1141 1642 kale
1164 1577 1205 1642 da
1229 1599 1306 1642 zua:

344 1683 519 1764 „Quamvis
550 1693 656 1746 antem
686 1682 866 1746 domesticis
896 1684 980 1746 euris
1011 1681 1174 1758 distentus,
1198 1683 1307 1746 Musas
1339 1681 1543 1746 nihilominus

295 1787 403 1868 soluit,
419 1787 645 1870 egregiamque
666 1785 789 1874 illyriae
810 1786 950 1850 idiomati
973 1807 1103 1872 operam
1120 1785 1216 1868 dedit,
1232 1809 1296 1871 qua
1312 1785 1422 1869 lingua
1443 1785 1544 1850 multa

296 1891 394 1956 edidit
424 1901 570 1976 poemata
597 1889 839 1974 elegantissime,
864 1901 898 1954 ut
919 1892 1002 1954 inter
1024 1892 1212 1976 praecipuos
1243 1889 1386 1980 illyricae
1416 1890 1544 1972 linguae

298 1995 488 2080 professores
520 1993 560 2060 ab
593 1994 722 2059 Ardelio
755 1994 931 2060 Dollabella
962 1997 993 2058 in
1025 1995 1127 2060 lexieo
1158 1996 1297 2059 maxime
1327 1994 1543 2059 commendari

297 2099 456 2164 meruerit.
481 2099 569 2163 Haeo
593 2111 697 2163 autem
722 2101 790 2184 ejus
813 2121 911 2184 opera
934 2099 1011 2163 mihi
1035 2110 1215 2184 comperta:

343 2205 371 2266 l.
400 2204 504 2267 Vertit
527 2201 648 2290 illyriae
673 2203 848 2268 buoolieam
870 2202 1011 2268 fabulam
1028 2203 1182 2288 Torquati
1198 2203 1298 2286 Tassi‚
1315 2203 1366 2266 eui
1383 2201 1542 2284 Amyntas

297 2331 422 2374 nomen.

342 2413 370 2476 2.
407 2413 488 2476 Item
527 2410 693 2475 Electram
732 2411 939 2498 Sophocleum
978 2413 1174 2496 tragoediam
1212 2436 1253 2478 ex
1293 2432 1407 2495 graeco
1446 2433 1543 2496 quam

298 2519 439 2601 linguam
463 2515 607 2580 pallebat.
638 2518 728 2581 Haeo
758 2529 789 2581 et
819 2516 881 2581 alia
911 2519 997 2605 typis
1027 2517 1111 2581 edita
1141 2518 1248 2582 aomiti
1276 2517 1415 2600 Georgio
1441 2515 1543 2591 Srino‚

298 2621 457 2706 Rodulphi
481 2621 625 2686 Caesaris
648 2621 886 2706 archistratego,
910 2622 995 2707 apud
1018 2643 1114 2706 quem
1137 2643 1254 2705 magno
1278 2621 1406 2685 honoris
1421 2631 1452 2684 et
1467 2620 1544 2684 ami-

299 2727 391 2789 oitiae
414 2725 482 2789 loeo
505 2724 693 2800 habebatur,
717 2727 883 2808 inscripsit.

343 2829 372 2893 3.
404 2831 538 2894 Amores
571 2830 698 2919 Pyrami
730 2841 761 2894 et
790 2829 936 2918 Thysbes
966 2831 1050 2914 quod
1081 2853 1161 2915 opus
1193 2829 1317 2894 Floriae
1352 2829 1544 2908 anzoreae‚

301 2933 472 3020 poetriae⁶⁶
504 2935 686 3018 Ragusinae
716 2935 845 3011 dinavit,
876 2935 927 2998 eui
958 2937 1052 2998 etiam
1086 2935 1244 3018 inscripsit
1278 2934 1423 2998 Caesaris
1446 2932 1546 2997 Simo-

298 3052 390 3104 netae
413 3051 538 3103 etrusca
561 3040 703 3103 earmina
727 3062 809 3123 quae
831 3040 917 3124 typis
940 3039 1062 3103 edenda
1085 3040 1150 3102 suis
1173 3038 1352 3124 sumptibus
1375 3048 1545 3102 curaverat

298 3144 432 3223 Patavii,
460 3143 554 3228 paulo
586 3157 659 3208 ante
690 3167 785 3228 quarn
819 3155 922 3208 rector
952 3144 1061 3208 luisset
1092 3145 1261 3224 institutus,
1293 3142 1378 3228 apud
1409 3139 1544 3205 Paulum

299 3247 442 3333 blejeti⁶⁷
476 3243 703 3312 MDLXXIX.
743 3249 889 3312 Eandem
924 3247 964 3312 ob
999 3259 1132 3312 mortem
1169 3249 1273 3312 mariti
1310 3244 1545 3310 Bartholomaei

300 3352 453 3416 Peseionii
477 3351 637 3434 lugentem
661 3351 778 3416 solatus
800 3363 847 3416 est
870 3351 992 3416 erudito
1016 3373 1054 3415 ao
1076 3351 1213 3436 eleganti
1238 3362 1390 3438 poemate.

343 3457 373 3518 4.
401 3453 585 3528 Gliabimt'r,
610 3454 719 3518 fabula
742 3457 915 3540 pastoritia,
936 3458 1027 3541 eujus
1050 3454 1246 3541 exemplaria
1269 3479 1342 3519 mss.
1367 3466 1485 3519 extant.

342 3562 363 3624 b
396 3554 494 3623 Liber
517 3559 666 3623 Erotieon
690 3581 743 3623 seu
767 3559 940 3642 Amorum3
965 3559 1061 3646 hujus
1084 3583 1210 3645 quoque
1231 3559 1330 3623 multa
1353 3580 1409 3643 per
1432 3580 1546 3622 manus

299 3675 375 3730 eunt
397 3663 601 3749 exemplaria.

343 3769 373 3831 6.
398 3768 547 3832 Jooosum
569 3777 682 3852 poema
702 3770 804 3833 amieo
821 3768 997 3845 ambitiose,
1015 3768 1248 3855 longiusculum
1263 3781 1319 3850 est,
1336 3770 1388 3834 sed
1406 3767 1546 3853 lepidum

301 3893 338 3936 ae
361 3871 498 3934 fanetum
522 3870 684 3956 multoque
707 3872 772 3936 sale
794 3873 966 3938 eonditum.

345 3976 373 4038 7.
398 3975 495 4040 Liber
517 3977 679 4040 variorum
710 3987 908 4062 poematum:
940 3980 1079 4042 eontinet
1109 3979 1352 4063 epigrammata,
1376 3974 1547 4062 epitaphia,

300 4078 457 4166 epistolas.

303 4195 417 4202 *—

348 4237 377 4272 ⁶⁶
400 4241 492 4297 Multa
522 4241 707 4316 conscripsit,
738 4241 790 4298 sed
821 4241 858 4298 ad
889 4257 942 4298 nos
973 4258 1030 4298 non
1058 4258 1217 4316 pervenere
1241 4241 1296 4298 nisi
1320 4239 1384 4314 ejus
1407 4233 1430 4296 I
1434 4231 1550 4316 ily-risa

301 4323 446 4386 narnatino
475 4327 554 4402 typis
584 4327 723 4400 evulgata
753 4333 782 4385 et
814 4323 911 4387 Liber
939 4321 1090 4387 matroon
1116 4329 1178 4386 sive
1202 4325 1353 4387 :luto-ram
1377 4326 1428 4400 qui
1450 4323 1548 4382 adhue

299 4413 426 4470 ineditus
450 4417 504 4471 est.

348 4497 375 4531 ⁵⁶
398 4497 423 4558 U
448 4498 682 4575 akndemijskom
706 4497 849 4575 rukopisu
872 4497 1035 4576 grijeskom
1063 4495 1250 4574 „patritirre²‘.

348 4583 375 4620 ⁶⁷
398 4586 424 4646 U
448 4584 496 4644 alr.
521 4585 588 4661 rkp.
612 4587 743 4664 ttegetti,
767 4605 786 4644 u
809 4585 876 4662 rkp.
902 4584 919 4644 b
942 4587 1084 4661 Megietti.
